@article{Herculano-Houzel2010,
    author = {Herculano-Houzel, S. and Mota, B. and Lent, R.},
    doi = {10.1073/pnas.0604911103},
    isbn = {9780123708786},
    issn = {0027-8424},
    journal = {Proceedings of the National Academy of Sciences},
    month = {aug},
    number = {32},
    pages = {12138--12143},
    pmid = {16880386},
    title = {{Cellular scaling rules for rodent brains}},
    url = {http://www.pnas.org/cgi/doi/10.1073/pnas.0604911103},
    volume = {103},
    year = {2006}
}

@article{Yavuz2016,
    author = {Yavuz, Esin and Turner, James and Nowotny, Thomas},
    doi = {10.1038/srep18854},
    issn = {2045-2322},
    journal = {Scientific reports},
    number = {November 2015},
    pages = {18854},
    pmid = {26740369},
    publisher = {Nature Publishing Group},
    title = {{GeNN: a code generation framework for accelerated brain simulations.}},
    url = {http://www.pubmedcentral.nih.gov/articlerender.fcgi?artid=4703976{\&}tool=pmcentrez{\&}rendertype=abstract},
    volume = {6},
    year = {2016}
}
